%  a sample bibliography file
@article{Hollway2017,
  title={Multilevel Social Spaces: The Network Dynamics of Organizational Fields},
  author={Hollway, James and Lomi, Alessandro and Pallotti, Francesca and Stadtfeld, Christoph},
  journal={Network Science},
  volume={5},
  number={2},
  pages={187--212},
  year={2017},
  publisher={Cambridge University Press}
}

